@article{bizer2009dbpedia,
  title={DBpedia-A crystallization point for the Web of Data},
  author={Bizer, Christian and Lehmann, Jens and Kobilarov, Georgi and Auer, S{\"o}ren and Becker, Christian and Cyganiak, Richard and Hellmann, Sebastian},
  journal={Web Semantics: science, services and agents on the world wide web},
  volume={7},
  number={3},
  pages={154--165},
  year={2009},
  publisher={Elsevier}
}
@misc{timelinejsfaq,
  title={How many entries will work best in {TimelineJS}?},
  author={Northwestern University},
  year={2013},
  howpublished={\url{http://timeline.knightlab.com/\#show-faq-04}},
}
